<record><leader>00000cas a2200000 a 4500</leader><controlfield tag="001">8813667</controlfield><controlfield tag="008">820928d18661869laudn ne      0   a0eng  </controlfield><datafield ind1=" " ind2=" " tag="010"><subfield code="a">sn 82015775 </subfield></datafield><datafield ind1=" " ind2=" " tag="040"><subfield code="a">DLC</subfield><subfield code="b">eng</subfield><subfield code="c">DLC</subfield><subfield code="d">NPY</subfield><subfield code="d">NPU</subfield><subfield code="d">NPA</subfield><subfield code="d">NPX</subfield><subfield code="d">PPM</subfield><subfield code="d">DLC</subfield><subfield code="d">LNP</subfield><subfield code="d">HUL</subfield><subfield code="d">CVF</subfield><subfield code="d">OCLCQ</subfield><subfield code="d">LNP</subfield><subfield code="d">DLC</subfield><subfield code="d">OCLCQ</subfield><subfield code="d">OCLCF</subfield></datafield><datafield ind1=" " ind2=" " tag="012"><subfield code="l">a</subfield></datafield><datafield ind1="0" ind2=" " tag="022"><subfield code="a">2165-9176</subfield><subfield code="2">1</subfield></datafield><datafield ind1="1" ind2=" " tag="029"><subfield code="a">AU@</subfield><subfield code="b">000025833833</subfield></datafield><datafield ind1=" " ind2=" " tag="042"><subfield code="a">pcc</subfield><subfield code="a">nsdp</subfield></datafield><datafield ind1=" " ind2=" " tag="043"><subfield code="a">n-us-la</subfield></datafield><datafield ind1="0" ind2="0" tag="050"><subfield code="a">Newspaper</subfield></datafield><datafield ind1="1" ind2="0" tag="082"><subfield code="a">071</subfield><subfield code="2">14</subfield></datafield><datafield ind1=" " ind2="4" tag="222"><subfield code="a">The New Orleans crescent</subfield></datafield><datafield ind1="0" ind2="4" tag="245"><subfield code="a">The New Orleans crescent.</subfield></datafield><datafield ind1=" " ind2=" " tag="260"><subfield code="a">New Orleans, La. :</subfield><subfield code="b">J.O. Nixon,</subfield><subfield code="c">1866-1869.</subfield></datafield><datafield ind1=" " ind2=" " tag="300"><subfield code="a">v. ;</subfield><subfield code="c">58 cm.</subfield></datafield><datafield ind1=" " ind2=" " tag="310"><subfield code="a">Daily (except Monday),</subfield><subfield code="b">Apr. 7, 1867-1869</subfield></datafield><datafield ind1=" " ind2=" " tag="321"><subfield code="a">Daily,</subfield><subfield code="b">1866-Apr. 6, 1867</subfield></datafield><datafield ind1="0" ind2=" " tag="362"><subfield code="a">Vol. 16, no. 86 (Nov. 22, 1866)-v. 18, no. 209 (Apr. 18, 1869).</subfield></datafield><datafield ind1=" " ind2=" " tag="500"><subfield code="a">Official journal of the state of Louisiana, 1866-&lt;Mar. 31, 1868&gt;; official journal of the city of New Orleans, &lt;1869&gt;.</subfield></datafield><datafield ind1=" " ind2=" " tag="530"><subfield code="a">Archived issues are available in digital format as part of the Library of Congress Chronicling America online collection.</subfield></datafield><datafield ind1=" " ind2=" " tag="580"><subfield code="a">Weekly eds.: New Orleans weekly crescent (New Orleans, La.), 1866; Weekly crescent (New Orleans, La. : 1866), 1866-</subfield></datafield><datafield ind1=" " ind2="0" tag="651"><subfield code="a">New Orleans (La.)</subfield><subfield code="v">Newspapers.</subfield></datafield><datafield ind1=" " ind2="7" tag="655"><subfield code="a">Newspapers.</subfield><subfield code="2">fast</subfield><subfield code="0">(OCoLC)fst01423814</subfield></datafield><datafield ind1=" " ind2="7" tag="651"><subfield code="a">Louisiana</subfield><subfield code="z">New Orleans.</subfield><subfield code="2">fast</subfield><subfield code="0">(OCoLC)fst01204311</subfield></datafield><datafield ind1=" " ind2=" " tag="752"><subfield code="a">United States</subfield><subfield code="b">Louisiana</subfield><subfield code="c">Orleans</subfield><subfield code="d">New Orleans.</subfield></datafield><datafield ind1="1" ind2=" " tag="775"><subfield code="t">Weekly crescent (New Orleans, La. : 1866)</subfield><subfield code="w">(DLC)sn 88064674</subfield></datafield><datafield ind1="1" ind2=" " tag="775"><subfield code="t">New Orleans weekly crescent (New Orleans, La.)</subfield><subfield code="w">(DLC)sn 85038562</subfield></datafield><datafield ind1="0" ind2="0" tag="780"><subfield code="t">New Orleans daily crescent (New Orleans, La. : 1851)</subfield><subfield code="w">(DLC)sn 82015753</subfield><subfield code="w">(OCoLC)8836911</subfield></datafield><datafield ind1="0" ind2="4" tag="785"><subfield code="t">New-Orleans times (New Orleans, La. : 1863)</subfield><subfield code="w">(DLC)sn 83016550</subfield><subfield code="w">(OCoLC)9905960</subfield></datafield><datafield ind1=" " ind2=" " tag="850"><subfield code="a">MH</subfield></datafield><datafield ind1="4" ind2="1" tag="856"><subfield code="u">http://www.loc.gov/chroniclingamerica/lccn/sn82015775/issues</subfield></datafield></record>